@article{RN11,
   author = {Allmark, P. and Mason, S.},
   title = {Should desperate volunteers be included in randomised controlled trials?},
   journal = {Journal of Medical Ethics},
   volume = {32},
   number = {9},
   pages = {548-553},
   ISSN = {0306-6800
1473-4257},
   DOI = {10.1136/jme.2005.014282},
   url = {http://www.ncbi.nlm.nih.gov/pmc/articles/PMC2563406/
https://www.ncbi.nlm.nih.gov/pmc/articles/PMC2563406/pdf/548.pdf},
   year = {2006},
   type = {Journal Article}
}

@article{RN5,
   author = {Altman, Douglas G. and Bland, J. Martin},
   title = {Treatment allocation in controlled trials: why randomise?},
   journal = {BMJ : British Medical Journal},
   volume = {318},
   number = {7192},
   pages = {1209-1209},
   ISSN = {0959-8138
1468-5833},
   url = {http://www.ncbi.nlm.nih.gov/pmc/articles/PMC1115595/
https://www.ncbi.nlm.nih.gov/pmc/articles/PMC1115595/pdf/1209.pdf},
   year = {1999},
   type = {Journal Article}
}

@article{RN6,
   author = {Ashcroft, R. E.},
   title = {Current epistemological problems in evidence based medicine},
   journal = {Journal of Medical Ethics},
   volume = {30},
   number = {2},
   pages = {131},
   url = {http://jme.bmj.com/content/30/2/131.abstract
https://www.ncbi.nlm.nih.gov/pmc/articles/PMC1733829/pdf/v030p00131.pdf},
   year = {2004},
   type = {Journal Article}
}

@article{RN2,
   author = {Bolland, Mark J. and Avenell, Alison and Gamble, Greg D. and Grey, Andrew},
   title = {Systematic review and statistical analysis of the integrity of 33 randomized controlled trials},
   journal = {Neurology},
   volume = {87},
   number = {23},
   pages = {2391-2402},
   DOI = {10.1212/wnl.0000000000003387},
   url = {http://www.neurology.org/content/87/23/2391.abstract
http://www.neurology.org/content/87/23/2391.full.pdf},
   year = {2016},
   type = {Journal Article}
}

@article{RN3,
   author = {Dunn, P.},
   title = {James Lind (1716-94) of Edinburgh and the treatment of scurvy},
   journal = {Archives of Disease in Childhood Fetal and Neonatal Edition},
   volume = {76},
   number = {1},
   pages = {F64-F65},
   ISSN = {1359-2998
1468-2052},
   url = {http://www.ncbi.nlm.nih.gov/pmc/articles/PMC1720613/
https://www.ncbi.nlm.nih.gov/pmc/articles/PMC1720613/pdf/v076p00F64.pdf},
   year = {1997},
   type = {Journal Article}
}

@article{RN8,
   author = {Edwards, S. J. and Lilford, R. J. and Braunholtz, D. A. and Jackson, J. C. and Hewison, J. and Thornton, J.},
   title = {Ethical issues in the design and conduct of randomised controlled trials},
   journal = {Health Technol Assess},
   volume = {2},
   number = {15},
   pages = {i-vi, 1-132},
   ISSN = {1366-5278 (Print)
1366-5278},
   year = {1998},
   type = {Journal Article}
}

@article{RN13,
   author = {Freedman, Benjamin},
   title = {Equipoise and the Ethics of Clinical Research},
   journal = {New England Journal of Medicine},
   volume = {317},
   number = {3},
   pages = {141-145},
   ISSN = {0028-4793},
   DOI = {10.1056/NEJM198707163170304},
   url = {http://dx.doi.org/10.1056/NEJM198707163170304
http://www.nejm.org/doi/pdf/10.1056/NEJM198707163170304},
   year = {1987},
   type = {Journal Article}
}

@article{RN12,
   author = {Hellman, Samuel and Hellman, Deborah S.},
   title = {Of Mice but Not Men},
   journal = {New England Journal of Medicine},
   volume = {324},
   number = {22},
   pages = {1585-1589},
   ISSN = {0028-4793},
   DOI = {10.1056/NEJM199105303242208},
   url = {http://dx.doi.org/10.1056/NEJM199105303242208
http://www.nejm.org/doi/pdf/10.1056/NEJM199105303242208},
   year = {1991},
   type = {Journal Article}
}

@article{RN7,
   author = {Katz, P.},
   title = {A Kantian claim permitting the randomised clinical trial},
   journal = {Princet J Bioeth},
   volume = {4},
   pages = {109-23},
   year = {2001},
   type = {Journal Article}
}

@article{RN9,
   author = {Nardini, Cecilia},
   title = {The ethics of clinical trials},
   journal = {ecancermedicalscience},
   volume = {8},
   pages = {387},
   ISSN = {1754-6605},
   DOI = {10.3332/ecancer.2014.387},
   url = {http://www.ncbi.nlm.nih.gov/pmc/articles/PMC3894239/
https://www.ncbi.nlm.nih.gov/pmc/articles/PMC3894239/pdf/can-8-387.pdf},
   year = {2014},
   type = {Journal Article}
}

@article{RN1,
   author = {Savulescu, Julian and Wartolowska, Karolina and Carr, Andy},
   title = {Randomised placebo-controlled trials of surgery: ethical analysis and guidelines},
   journal = {Journal of Medical Ethics},
   volume = {42},
   number = {12},
   pages = {776-783},
   DOI = {10.1136/medethics-2015-103333},
   url = {http://jme.bmj.com/content/medethics/42/12/776.full.pdf},
   year = {2016},
   type = {Journal Article}
}

@article{RN10,
   author = {Schulz, K. F.},
   title = {Subverting randomization in controlled trials},
   journal = {JAMA},
   volume = {274},
   number = {18},
   pages = {1456-1458},
   ISSN = {0098-7484},
   DOI = {10.1001/jama.1995.03530180050029},
   url = {http://dx.doi.org/10.1001/jama.1995.03530180050029
http://jama.jamanetwork.com/pdfaccess.ashx?url=/data/journals/jama/9411/jama_274_18_029.pdf},
   year = {1995},
   type = {Journal Article}
}

